@book{algdesign,
author       ="Jon Kleinberg and Eva Tardos",
title        ="Algorithm Design",
publisher    ="Addison-Wesley",
year         ="2005"
}

@inproceedings{elmasry,
 author = {Elmasry,, Amr},
 title = {Pairing heaps with O(log log n) decrease cost},
 booktitle = {SODA '09: Proceedings of the Nineteenth Annual ACM -SIAM Symposium on Discrete Algorithms},
 year = {2009},
 pages = {471--476},
 location = {New York, New York},
 publisher = {Society for Industrial and Applied Mathematics},
 address = {Philadelphia, PA, USA},
 }

@INPROCEEDINGS{moret,
    author = {Bernard M. E. Moret and Henry D. Shapiro},
    title = {How to find a minimum spanning tree in practice},
    booktitle = {results and New Trends in Computer Science, volume 555 of Lecture Notes in Computer Science},
    year = {1991},
    pages = {192--203},
    publisher = {Springer-Verlag}
}

@MISC{rui,
      AUTHOR = "Rui Andre",
      TITLE = "Pairing Heap, Multi-Pass in C",
      MONTH = "February",
      YEAR = {2009},
      NOTE = "\texttt{http://ruiaf.org/algorithms}"
}
